% Encoding: UTF-8 

%webseite
@Online{FOM,
  author = {{Hochschule für Oekonomie \& Management}},
  title  = {{Webseite Onlinecampus}},
  url    = {https://www.campus.bildungscentrum.de},
  urldate = {2019-01-02},
  year   = {2018},
}

@Online{Belastingdienst,
  author  = {{Belastingdienst}},
  date    = {1999},
  title   = {{Webseite Was ist eine Bürgerservicenummer}},
  url     = {https://www.belastingdienst.nl/wps/wcm/connect/bldcontentde/belastingdienst/privatpersonen/sonstige_themen/buergerservicenummer/was_ist_eine_buergerservicenummer_bsn},
  urldate = {2019-02-26},
}

@online{RCoreManual,
	title = {Webseite R A Language and Environment for Statistical Computing},
	author = {{R Core Team}},
	date = {2018},
	urldate = {2019-01-02},
	url = {https://cran.r-project.org/doc/manuals/r-release/fullrefman.pdf},
}


%zeitungsartikel
@article{Wiederhofer2017,
    author = {Wiederhofer, André},
    usera = {IT-Flexibilität},
    pages = {236-244},
    journal = {{Informatik-Spektrum}},
    title = {Zeitung Steigerung der IT-Flexibilität},
    volume = {40},
    number = {3},
    year = {2017}
}

@article{Decker2009,
	year = {2009},
	volume = {40},
	issue = {2},
	pages = {431--453},
	author = {Decker, Frank},
	title = {Zeitung Koalitionsaussagen der Parteien vor Wahlen. Eine Forschungsskizze im Kontext des deutschen Regierungssystems},
	journal = {Zeitschrift für Parlamentsfragen}
}


%bücher
@book{Balzert7,
	author = {Balzert7, Helmut and Bendisch, Roman and Kern, Uwe and Sch{\"a}fer, Christian and Schr{\"o}der, Marion and Zeppenfeld, Klaus and Beier, Henning},
	year = {2008},
	title = {Buch 7Vielautoren7 Test Wissenschaftliches Arbeiten: Wissenschaft, Quellen, Artefakte, Organisation, Pr{\"a}sentation},
  location   = {LocationHerdecke},
	publisher = {W3L-Verl.},
	isbn = {978-3937137599},
}

@book{Mueller5,
	author = {Balzert5, Helmut and Bendisch, Roman and Kern, Uwe and Zeppenfeld, Klaus and Beier, Henning},
	year = {2008},
	title = {Buch 5Vielautoren5 Test Wissenschaftliches Arbeiten: Wissenschaft, Quellen, Artefakte, Organisation, Pr{\"a}sentation},
  location   = {LocationHerdecke},
	publisher = {W3L-Verl.},
	isbn = {978-3937137599},
}

@book{Schmidt6,
	author = {Balzert6, Helmut and Bendisch, Roman and Kern, Uwe and Schr{\"o}der, Marion and Zeppenfeld, Klaus and Beier, Henning},
	year = {2008},
	title = {Buch 6Vielautore6 Test Wissenschaftliches Arbeiten: Wissenschaft, Quellen, Artefakte, Organisation, Pr{\"a}sentation},
  location   = {LocationHerdecke},
	publisher = {W3L-Verl.},
	isbn = {978-3937137599},
}

@Book{Beckert3,
  author    = {Beckert3, André and Beckert, Sebastian and Escherich, Bernhard},
  title     = {Buch 3Dreier3Titel Mobile L{\"o}sungen mit SAP},
  edition   = {1},
  isbn      = {978-3836219310},
  publisher = {Galileo Press},
  address   = {AdressBonn},
  location   = {LocationBonn},
  keyword   = {primary},
  usera     = {Mobile Lösungen},
  year      = {2012},
}


@book{Tanenbaum2,
	usera = {Computernetzwerke},
	keyword = {primary},
	author = {Tanenbaum2, Andrew and Beier, Henning},
	year = {2003},
	title = {Buch 2Zweiertitel Computernetzwerke},
	location = {M{\"u}nchen},
	edition = {4},
	publisher = {Pearson Studium},
	isbn = {978-3827370464}
}


@Book{Beckert1,
  author    = {Beckert1, Otto-Hans},
  title     = {Buch 1Einzeltitel1 Mobile L{\"o}sungen mit SAP},
  edition   = {1},
  isbn      = {978-3836219310},
  location  = {Bonn},
  publisher = {Galileo Press},
  keyword   = {primary},
  usera     = {Mobile Lösungen},
  year      = {2012},
}

%Herausgeberwerk

@incollection{becker2016hrsg,
	author = {Becker, Wolfgang and Ulrich, Patrick and Botzkowski, Tim},
	booktitle = {Data Analytics im Mittelstand},
	edition = {1},
	location = {Wiesbaden},
	publisher = {Springer},
	usera = {Data Analytics},
	editor = {Becker, Wolfgang and Ulrich, Patrick},
	title = {Management und Controlling im Mittelstand},
	date = {2016},
}

@InCollection{Lucke2018hrsg,
  author    = {{von} Lucke, Jörn and Heuermann, Roland and Poder, Helmut and others},
  title     = {Treiber, Ratgeber, Meinungsmacher},
  editor    = {Heuermann, Roland and Tomenendal, Matthias and Bressem, Christian},
  location  = {Berlin},
  pages     = {153-213},
  publisher = {Springer Gabler},
  booktitle    = {Digitalisierung in Bund, Ländern und Gemeinden},
  address   = {Berlin},
  sortkey   = {Lucke, Jörn von},
  usera     = {Treiber},
  year      = {2018},
}

@Comment{jabref-meta: databaseType:biblatex;}
